@article{Baudet2014,
	author = {Baudet, Audrey and Morisset, Claire and D'Athis, Philippe and Maillefert, Jean-Francis and Casillas, Jean-Marie and Ornetti, Paul and Laroche, Davy},
	doi = {10.1371/journal.pone.0102098},
	editor = {Fasano, Alfonso},
	file = {:C\:/Users/aafox/AppData/Local/Mendeley Ltd./Mendeley Desktop/Downloaded/Baudet et al. - 2014 - Cross-Talk Correction Method for Knee Kinematics in Gait Analysis Using Principal Component Analysis (PCA) A New.pdf:pdf},
	isbn = {1932-6203 (Electronic) 1932-6203 (Linking)},
	issn = {1932-6203},
	journal = {PLoS ONE},
	mendeley-groups = {Methodology/Biomechanics},
	month = {jul},
	number = {7},
	pages = {e102098},
	pmid = {25003974},
	title = {{Cross-Talk Correction Method for Knee Kinematics in Gait Analysis Using Principal Component Analysis (PCA): A New Proposal}},
	url = {https://dx.plos.org/10.1371/journal.pone.0102098},
	volume = {9},
	year = {2014}
}

@article{Benoit2015,
	author = {Benoit, D.L. and Damsgaard, M. and Andersen, M.S.},
	doi = {10.1016/j.jbiomech.2015.02.050},
	file = {:C\:/Users/aafox/AppData/Local/Mendeley Ltd./Mendeley Desktop/Downloaded/Benoit, Damsgaard, Andersen - 2015 - Surface marker cluster translation, rotation, scaling and deformation Their contribution to soft ti.pdf:pdf},
	isbn = {0021-9290},
	issn = {00219290},
	journal = {Journal of Biomechanics},
	keywords = {Gait analysis,In vivo,Kinematics,Knee,Soft tissue artifact},
	mendeley-groups = {Methodology/Biomechanics},
	month = {jul},
	number = {10},
	pages = {2124--2129},
	pmid = {25935684},
	publisher = {Elsevier},
	title = {{Surface marker cluster translation, rotation, scaling and deformation: Their contribution to soft tissue artefact and impact on knee joint kinematics}},
	url = {http://dx.doi.org/10.1016/j.jbiomech.2015.02.050 https://linkinghub.elsevier.com/retrieve/pii/S0021929015001426},
	volume = {48},
	year = {2015}
}

@article{Ceseracciu2014,
	author = {Ceseracciu, Elena and Sawacha, Zimi and Cobelli, Claudio},
	doi = {10.1371/journal.pone.0087640},
	editor = {Aegerter, Christof Markus},
	file = {:C\:/Users/aafox/AppData/Local/Mendeley Ltd./Mendeley Desktop/Downloaded/Ceseracciu, Sawacha, Cobelli - 2014 - Comparison of Markerless and Marker-Based Motion Capture Technologies through Simultaneous Data Co.pdf:pdf},
	isbn = {9781424422432},
	issn = {1932-6203},
	journal = {PLoS ONE},
	mendeley-groups = {Methodology/Biomechanics},
	month = {mar},
	number = {3},
	pages = {e87640},
	pmid = {24595273},
	title = {{Comparison of Markerless and Marker-Based Motion Capture Technologies through Simultaneous Data Collection during Gait: Proof of Concept}},
	url = {http://dx.plos.org/10.1371/journal.pone.0087640},
	volume = {9},
	year = {2014}
}

@article{Colle2016,
	author = {Colle, Francesca and Lopomo, Nicola and Visani, Andrea and Zaffagnini, Stefano and Marcacci, Maurilio},
	doi = {10.1080/10255842.2015.1042464},
	file = {:C\:/Users/aafox/AppData/Local/Mendeley Ltd./Mendeley Desktop/Downloaded/Colle et al. - 2016 - Comparison of three formal methods used to estimate the functional axis of rotation an extensive in-vivo analysis.pdf:pdf},
	isbn = {1025-5842},
	issn = {1025-5842},
	journal = {Computer Methods in Biomechanics and Biomedical Engineering},
	keywords = {cylindrical fitting method,functional axis,knee kinematics,mean helical axis,navigated TKA,symmetrical axis approach},
	mendeley-groups = {Methodology/Biomechanics},
	month = {apr},
	number = {5},
	pages = {484--492},
	pmid = {26207419},
	title = {{Comparison of three formal methods used to estimate the functional axis of rotation: an extensive in-vivo analysis performed on the knee joint}},
	url = {http://www.tandfonline.com/doi/full/10.1080/10255842.2015.1042464},
	volume = {19},
	year = {2016}
}

@article{DIsidoro2020,
	author = {D'Isidoro, Fabio and Brockmann, Clara and Ferguson, Stephen J.},
	doi = {10.1016/j.jbiomech.2020.109717},
	file = {:C\:/Users/aafox/OneDrive - Deakin University/RESEARCH/Readings & Articles/Methodology/Biomechanics/(D'Isidoro et al. 2020) Effects_soft tissue artefact_hip joint kinematics_unrestricted ADLs [J Biomech].pdf:pdf},
	issn = {00219290},
	journal = {Journal of Biomechanics},
	keywords = {Hip joint center location,Moving fluoroscopy,Soft tissue artefact,Statistical parametric mapping},
	mendeley-groups = {Methodology/Biomechanics},
	month = {may},
	pages = {109717},
	pmid = {32234246},
	publisher = {Elsevier Ltd},
	title = {{Effects of the soft tissue artefact on the hip joint kinematics during unrestricted activities of daily living}},
	url = {https://doi.org/10.1016/j.jbiomech.2020.109717 https://linkinghub.elsevier.com/retrieve/pii/S0021929020301330},
	volume = {104},
	year = {2020}
}

@article{Delp2007,
	author = {Delp, Scott L and Anderson, Frank C and Arnold, Allison S and Loan, Peter and Habib, Ayman and John, Chand T and Guendelman, Eran and Thelen, Darryl G},
	doi = {10.1109/TBME.2007.901024},
	file = {:C\:/Users/aafox/AppData/Local/Mendeley Ltd./Mendeley Desktop/Downloaded/Delp et al. - 2007 - OpenSim Open-Source Software to Create and Analyze Dynamic Simulations of Movement.pdf:pdf},
	issn = {0018-9294},
	journal = {IEEE Transactions on Biomedical Engineering},
	mendeley-groups = {Methodology/Modelling},
	month = {nov},
	number = {11},
	pages = {1940--1950},
	title = {{OpenSim: Open-Source Software to Create and Analyze Dynamic Simulations of Movement}},
	url = {http://ieeexplore.ieee.org/document/4352056/},
	volume = {54},
	year = {2007}
}

@article{Fiorentino2017,
	author = {Fiorentino, Niccolo M. and Atkins, Penny R. and Kutschke, Michael J. and Goebel, Justine M. and Foreman, K. Bo and Anderson, Andrew E.},
	doi = {10.1016/j.gaitpost.2017.03.033},
	file = {:C\:/Users/aafox/AppData/Local/Mendeley Ltd./Mendeley Desktop/Downloaded/Fiorentino et al. - 2017 - Soft tissue artifact causes significant errors in the calculation of joint angles and range of motion at the.pdf:pdf},
	issn = {09666362},
	journal = {Gait & Posture},
	keywords = {Dual fluoroscopy,Gait models,Hip,Measurement errors,Skin markers,Skin motion artifact},
	mendeley-groups = {Methodology/Biomechanics},
	month = {jun},
	number = {March},
	pages = {184--190},
	pmid = {28475981},
	publisher = {Elsevier},
	title = {{Soft tissue artifact causes significant errors in the calculation of joint angles and range of motion at the hip}},
	url = {http://dx.doi.org/10.1016/j.gaitpost.2017.03.033 https://linkinghub.elsevier.com/retrieve/pii/S0966636217301078},
	volume = {55},
	year = {2017}
}

@article{Forrester2015,
	author = {Forrester, Stephanie E.},
	doi = {10.1080/23335432.2015.1049296},
	file = {:C\:/Users/aafox/OneDrive - Deakin University/RESEARCH/Readings & Articles/Methodology/Biomechanics/(Forrester, 2015) Selecting_number_trials_experimental biomech studies [Int Biomech].pdf:pdf},
	issn = {2333-5432},
	journal = {International Biomechanics},
	keywords = {Experimental biomechanics,Sequential estimation technique,Statistical power},
	mendeley-groups = {Methodology/Biomechanics},
	month = {jan},
	number = {1},
	pages = {62--72},
	publisher = {Taylor & Francis},
	title = {{Selecting the number of trials in experimental biomechanics studies}},
	url = {http://dx.doi.org/10.1080/23335432.2015.1049296 http://www.tandfonline.com/doi/full/10.1080/23335432.2015.1049296},
	volume = {2},
	year = {2015}
}

@article{Fukuchi2017,
	author = {Fukuchi, Reginaldo K. and Fukuchi, Claudiane A. and Duarte, Marcos},
	doi = {10.7717/peerj.3298},
	file = {:C\:/Users/aafox/OneDrive - Deakin University/RESEARCH/Readings & Articles/Gait/General/(Fukuchi et al. 2017) Public dataset_running biomech_effects_running speed_kinematics & kinetics [Peer J].pdf:pdf},
	issn = {2167-8359},
	journal = {PeerJ},
	keywords = {Biomechanics,Gait,Locomotion,Physical activity,Sports},
	mendeley-groups = {Gait/General},
	month = {may},
	number = {5},
	pages = {e3298},
	title = {{A public dataset of running biomechanics and the effects of running speed on lower extremity kinematics and kinetics}},
	url = {https://peerj.com/articles/3298},
	volume = {5},
	year = {2017}
}

@article{Kainz2016,
	author = {Kainz, H. and Modenese, L. and Lloyd, D.G. and Maine, S. and Walsh, H.P.J. and Carty, C.P.},
	doi = {10.1016/j.jbiomech.2016.03.052},
	file = {:C\:/Users/aafox/AppData/Local/Mendeley Ltd./Mendeley Desktop/Downloaded/Kainz et al. - 2016 - Joint kinematic calculation based on clinical direct kinematic versus inverse kinematic gait models.pdf:pdf},
	isbn = {0021-9290},
	issn = {00219290},
	journal = {Journal of Biomechanics},
	keywords = {Gait analysis,Inverse kinematics,OpenSim,Plug-in-Gait,Subject specific model},
	mendeley-groups = {Methodology/Biomechanics},
	month = {jun},
	number = {9},
	pages = {1658--1669},
	pmid = {27139005},
	publisher = {Elsevier},
	title = {{Joint kinematic calculation based on clinical direct kinematic versus inverse kinematic gait models}},
	url = {http://dx.doi.org/10.1016/j.jbiomech.2016.03.052 https://linkinghub.elsevier.com/retrieve/pii/S0021929016304134},
	volume = {49},
	year = {2016}
}

@article{Lai2017,
	author = {Lai, Adrian K. M. and Arnold, Allison S. and Wakeling, James M.},
	doi = {10.1007/s10439-017-1920-7},
	file = {:C\:/Users/aafox/OneDrive - Deakin University/RESEARCH/Readings & Articles/Methodology/Modelling/(Lai et al. 2017) Why_antagonistic muscles co-activated_simulation_model_human locomotor tasks [Ann Biomed Eng].pdf:pdf},
	issn = {0090-6964},
	journal = {Annals of Biomedical Engineering},
	keywords = {Hill-type muscle model,Musculoskeletal model,Passive force,Pedalling,Running,Simulation},
	mendeley-groups = {Methodology/Modelling},
	month = {dec},
	number = {12},
	pages = {2762--2774},
	title = {{Why are Antagonist Muscles Co-activated in My Simulation? A Musculoskeletal Model for Analysing Human Locomotor Tasks}},
	url = {http://link.springer.com/10.1007/s10439-017-1920-7},
	volume = {45},
	year = {2017}
}

@article{Leardini2005,
	author = {Leardini, Alberto and Chiari, Lorenzo and Croce, Ugo Della and Cappozzo, Aurelio},
	doi = {10.1016/j.gaitpost.2004.05.002},
	file = {:C\:/Users/aafox/AppData/Local/Mendeley Ltd./Mendeley Desktop/Downloaded/Leardini et al. - 2005 - Human movement analysis using stereophotogrammetry.pdf:pdf},
	issn = {09666362},
	journal = {Gait & Posture},
	keywords = {compensation,experiments,human movement analysis,minimization,soft tissue artifacts},
	mendeley-groups = {Methodology/Biomechanics},
	month = {feb},
	number = {2},
	pages = {212--225},
	pmid = {15639400},
	title = {{Human movement analysis using stereophotogrammetry}},
	url = {http://linkinghub.elsevier.com/retrieve/pii/S0966636204000773 https://linkinghub.elsevier.com/retrieve/pii/S0966636204000773},
	volume = {21},
	year = {2005}
}

@article{Leigh2014,
	author = {Leigh, Ryan J. and Pohl, Michael B. and Ferber, Reed},
	doi = {10.1016/j.ptsp.2013.04.003},
	file = {:C\:/Users/aafox/AppData/Local/Mendeley Ltd./Mendeley Desktop/Downloaded/Leigh, Pohl, Ferber - 2014 - Does tester experience influence the reliability with which 3D gait kinematics are collected in healthy adu.pdf:pdf},
	isbn = {1873-1600 (Electronic) 1466-853X (Linking)},
	issn = {1466853X},
	journal = {Physical Therapy in Sport},
	keywords = {Gait analysis,Kinematics,Reliability,Walking},
	mendeley-groups = {Methodology/Biomechanics},
	month = {may},
	number = {2},
	pages = {112--116},
	pmid = {23988839},
	publisher = {Elsevier Ltd},
	title = {{Does tester experience influence the reliability with which 3D gait kinematics are collected in healthy adults?}},
	url = {http://dx.doi.org/10.1016/j.ptsp.2013.04.003 https://linkinghub.elsevier.com/retrieve/pii/S1466853X13000394},
	volume = {15},
	year = {2014}
}

@article{Mentiplay2018,
	author = {Mentiplay, Benjamin F. and Clark, Ross A.},
	doi = {10.1016/j.gaitpost.2018.05.033},
	file = {:C\:/Users/aafox/OneDrive - Deakin University/RESEARCH/Readings & Articles/Methodology/Biomechanics/(Mentiplay & Clark, 2018) Modified conventional gait model vs. cluster tracking_reliability, agreement & impact_kinematic & kinetic data [Gait Posture].pdf:pdf},
	issn = {09666362},
	journal = {Gait & Posture},
	keywords = {Gait analysis,Inverse kinematics,Plug-in gait,Six degrees-of-freedom,Vicon clinical manager,Walking},
	mendeley-groups = {Methodology/Biomechanics},
	month = {jul},
	number = {October 2017},
	pages = {75--83},
	pmid = {29879631},
	publisher = {Elsevier},
	title = {{Modified conventional gait model versus cluster tracking: Test-retest reliability, agreement and impact of inverse kinematics with joint constraints on kinematic and kinetic data}},
	url = {https://doi.org/10.1016/j.gaitpost.2018.05.033 https://linkinghub.elsevier.com/retrieve/pii/S0966636218306520},
	volume = {64},
	year = {2018}
}

@article{Oliveira2021,
	author = {Oliveira, Anderson Souza and Pirscoveanu, Cristina Ioana},
	doi = {10.1038/s41598-021-82876-z},
	file = {:C\:/Users/aafox/OneDrive - Deakin University/RESEARCH/Readings & Articles/Methodology/Biomechanics/(Oliveira & Pirscoveanu, 2021) Implications_sample size & number of steps_running biomech [Sci Reports].pdf:pdf},
	isbn = {0123456789},
	issn = {2045-2322},
	journal = {Scientific Reports},
	mendeley-groups = {Methodology/Biomechanics},
	month = {dec},
	number = {1},
	pages = {3083},
	pmid = {33542463},
	publisher = {Nature Publishing Group UK},
	title = {{Implications of sample size and acquired number of steps to investigate running biomechanics}},
	url = {https://doi.org/10.1038/s41598-021-82876-z http://www.nature.com/articles/s41598-021-82876-z},
	volume = {11},
	year = {2021}
}

@article{Sauret2016,
	author = {Sauret, Christophe and Pillet, H{\'{e}}l{\`{e}}ne and Skalli, Wafa and Sangeux, Morgan},
	doi = {10.1016/j.gaitpost.2016.09.008},
	file = {:C\:/Users/aafox/OneDrive - Deakin University/RESEARCH/Readings & Articles/Methodology/Biomechanics/(Sauret et al. 2016) Use_knee functional calibration_determine medio-lateral axis_femur [Gait Posture].pdf:pdf},
	issn = {18792219},
	journal = {Gait and Posture},
	keywords = {Biplanar radiographs,Femur,Functional calibration,Gait analysis,Knee,Medio-lateral axis},
	mendeley-groups = {Methodology/Biomechanics},
	pages = {180--184},
	pmid = {27632062},
	publisher = {Elsevier B.V.},
	title = {{On the use of knee functional calibration to determine the medio-lateral axis of the femur in gait analysis: Comparison with EOS biplanar radiographs as reference}},
	url = {http://dx.doi.org/10.1016/j.gaitpost.2016.09.008},
	volume = {50},
	year = {2016}
}

@article{Sinclair2014,
	author = {Sinclair, J. and Hebron, J. and Taylor, P.J.},
	doi = {10.1016/j.gaitpost.2014.06.004},
	file = {:C\:/Users/aafox/AppData/Local/Mendeley Ltd./Mendeley Desktop/Downloaded/Sinclair, Hebron, Taylor - 2014 - The influence of tester experience on the reliability of 3D kinematic information during running.pdf:pdf},
	isbn = {1879-2219 (Electronic)\r0966-6362 (Linking)},
	issn = {09666362},
	journal = {Gait & Posture},
	keywords = {Biomechanics,Experience,Reliability},
	mendeley-groups = {Methodology/Biomechanics},
	month = {sep},
	number = {4},
	pages = {707--711},
	pmid = {25022594},
	publisher = {Elsevier B.V.},
	title = {{The influence of tester experience on the reliability of 3D kinematic information during running}},
	url = {http://dx.doi.org/10.1016/j.gaitpost.2014.06.004 https://linkinghub.elsevier.com/retrieve/pii/S0966636214006043},
	volume = {40},
	year = {2014}
}

@article{VanHooren2020,
	author = {{Van Hooren}, Bas and Fuller, Joel T. and Buckley, Jonathan D. and Miller, Jayme R. and Sewell, Kerry and Rao, Guillaume and Barton, Christian and Bishop, Chris and Willy, Richard W.},
	doi = {10.1007/s40279-019-01237-z},
	file = {:C\:/Users/aafox/OneDrive - Deakin University/RESEARCH/Readings & Articles/Methodology/Biomechanics/(Van Hooren et al. 2020) Is motorised treadmill running_biomech comparable_overground running_systematic review & meta-analysis [Sports Med].pdf:pdf},
	isbn = {0123456789},
	issn = {0112-1642},
	journal = {Sports Medicine},
	mendeley-groups = {Methodology/Biomechanics},
	month = {apr},
	number = {4},
	pages = {785--813},
	pmid = {31802395},
	publisher = {Springer International Publishing},
	title = {{Is Motorized Treadmill Running Biomechanically Comparable to Overground Running? A Systematic Review and Meta-Analysis of Cross-Over Studies}},
	url = {https://doi.org/10.1007/s40279-019-01237-z http://link.springer.com/10.1007/s40279-019-01237-z},
	volume = {50},
	year = {2020}
}

@article{vanEmmerik2000,
	author = {van Emmerik, Richard E.A. and van Wegen, Erwin E.H.},
	doi = {10.1123/jab.16.4.394},
	file = {:C\:/Users/aafox/AppData/Local/Mendeley Ltd./Mendeley Desktop/Downloaded/van Emmerik, van Wegen - 2000 - On Variability and Stability in Human Movement.pdf:pdf},
	isbn = {1065-8483},
	issn = {1065-8483},
	journal = {Journal of Applied Biomechanics},
	keywords = {coordination,locomotion,movement disor,postural control,variability},
	mendeley-groups = {Variability/Reviews},
	month = {nov},
	number = {4},
	pages = {394--406},
	pmid = {18159850},
	title = {{On Variability and Stability in Human Movement}},
	url = {http://www.mendeley.com/research/variability-stability-human-movement/ http://journals.humankinetics.com/doi/10.1123/jab.16.4.394},
	volume = {16},
	year = {2000}
}

@article{Fellin2010,
	archivePrefix = {arXiv},
	arxivId = {NIHMS150003},
	author = {Fellin, Rebecca E and Manal, Kurt and Davis, Irene S},
	doi = {10.1126/scisignal.2001449.Engineering},
	eprint = {NIHMS150003},
	file = {:C\:/Users/aafox/AppData/Local/Mendeley Ltd./Mendeley Desktop/Downloaded/Fellin, Manal, Davis - 2010 - Comparison of lower extremity kinematic curves during overground and treadmill running.pdf:pdf},
	isbn = {8585348585},
	issn = {1065-8483},
	journal = {Journal of applied biomechanics},
	keywords = {Aging,Brain injuries,Stem cells},
	mendeley-groups = {Methodology/Biomechanics},
	month = {nov},
	number = {4},
	pages = {407--14},
	pmid = {21245500},
	title = {{Comparison of lower extremity kinematic curves during overground and treadmill running.}},
	url = {http://www.ncbi.nlm.nih.gov/pubmed/21245500 http://www.pubmedcentral.nih.gov/articlerender.fcgi?artid=PMC3266869},
	volume = {26},
	year = {2010}
}

@article{Fox2021,
	author = {Fox, Aaron S. and Ferber, Reed and Bonacci, Jason},
	doi = {10.1123/jab.2020-0401},
	file = {:C\:/Users/aafox/OneDrive - Deakin University/RESEARCH/Readings & Articles/Knee/Movement/(Fox et al. 2021) Kinematic & coordination variability_acute & chronic PFP [J Appl Biomech].pdf:pdf},
	issn = {1065-8483},
	journal = {Journal of Applied Biomechanics},
	keywords = {Anterior knee pain,Knee,Running},
	mendeley-groups = {Knee/Movement},
	month = {oct},
	number = {5},
	pages = {463--470},
	pmid = {34548419},
	title = {{Kinematic and Coordination Variability in Individuals With Acute and Chronic Patellofemoral Pain}},
	url = {https://journals.humankinetics.com/view/journals/jab/37/5/article-p463.xml},
	volume = {37},
	year = {2021}
}

@article{Newell1985,
	author = {Newell, K.M.},
	doi = {10.1016/S0166-4115(08)62541-8},
	journal = {Advances in Psychology},
	mendeley-groups = {Motor Control},
	pages = {295--317},
	title = {{Coordination, Control and Skill}},
	url = {https://linkinghub.elsevier.com/retrieve/pii/S0166411508625418},
	volume = {27},
	year = {1985}
}

@article{Pataky2016,
	author = {Pataky, Todd C. and Vanrenterghem, Jos and Robinson, Mark A.},
	doi = {10.1016/j.jbiomech.2016.03.032},
	file = {:C\:/Users/aafox/AppData/Local/Mendeley Ltd./Mendeley Desktop/Downloaded/Pataky, Vanrenterghem, Robinson - 2016 - The probability of false positives in zero-dimensional analyses of one-dimensional kinematic, f.pdf:pdf},
	isbn = {1873-2380 (Electronic)\r0021-9290 (Linking)},
	issn = {00219290},
	journal = {Journal of Biomechanics},
	keywords = {Ground reaction force,Kinematics,Random field theory,Statistical parametric mapping,Three-dimensional analysis,Time series analysis},
	mendeley-groups = {Statistics},
	month = {jun},
	number = {9},
	pages = {1468--1476},
	pmid = {27067363},
	publisher = {Elsevier},
	title = {{The probability of false positives in zero-dimensional analyses of one-dimensional kinematic, force and EMG trajectories}},
	url = {http://dx.doi.org/10.1016/j.jbiomech.2016.03.032 https://linkinghub.elsevier.com/retrieve/pii/S0021929016303517},
	volume = {49},
	year = {2016}
}

@article{BazueloRuiz2018,
	author = {Bazuelo-Ruiz, Bruno and Dur{\'{a}}-Gil, Juan V. and Palomares, Nicol{\'{a}}s and Medina, Enrique and Llana-Belloch, Salvador},
	doi = {10.7717/peerj.4489},
	file = {:C\:/Users/aafox/OneDrive - Deakin University/RESEARCH/Readings & Articles/Fatigue Effect/Gait/(Bazuelo-Ruiz et al. 2018) Effect_fatigue & gender_kinematics & GRFs_recreational runners [Peer J].pdf:pdf},
	issn = {2167-8359},
	journal = {PeerJ},
	keywords = {Biomechanics,Injury risk,Running economy,Running performance},
	mendeley-groups = {Fatigue Effect/Gait},
	month = {mar},
	number = {3},
	pages = {e4489},
	pmid = {29576960},
	title = {{Effect of fatigue and gender on kinematics and ground reaction forces variables in recreational runners}},
	url = {https://peerj.com/articles/4489},
	volume = {6},
	year = {2018}
}

@article{Derrick2002,
	author = {Derrick, Timothy R. and Dereu, Darrin and McLean, Scott P},
	doi = {10.1097/00005768-200206000-00015},
	file = {:C\:/Users/aafox/OneDrive - Deakin University/RESEARCH/Readings & Articles/Fatigue Effect/Gait/(Derrick et al. 2002) Impacts & kinetimatic adjustments_exhaustive run [Med Sci Sports Exerc].pdf:pdf},
	issn = {0195-9131},
	journal = {Medicine and science in sports and exercise},
	keywords = {Accelerometers,Effective mass,Exhaustion,Fatigue,Rearfoot motion,Shock attenuation,Treadmill running},
	mendeley-groups = {Fatigue Effect/Gait},
	month = {jun},
	number = {6},
	pages = {998--1002},
	pmid = {12048328},
	title = {{Impacts and kinematic adjustments during an exhaustive run.}},
	url = {http://www.ncbi.nlm.nih.gov/pubmed/12048328},
	volume = {34},
	year = {2002}
}

@article{Mizrahi2000,
	author = {Mizrahi, Joseph and Verbitsky, Oleg and Isakov, Eli and Daily, David},
	doi = {10.1016/S0167-9457(00)00013-0},
	file = {:C\:/Users/aafox/OneDrive - Deakin University/RESEARCH/Readings & Articles/Fatigue Effect/Gait/(Mizrahi et al. 2000) Effect_fatigue_leg kinematics & impact acceleration_long distance running [Hum Move Sci].pdf:pdf},
	issn = {01679457},
	journal = {Human Movement Science},
	keywords = {fatigued running,impact acceleration,knee angle,overload injury,stride rate},
	mendeley-groups = {Fatigue Effect/Gait},
	month = {jul},
	number = {2},
	pages = {139--151},
	title = {{Effect of fatigue on leg kinematics and impact acceleration in long distance running}},
	url = {www.elsevier.com/locate/humov https://linkinghub.elsevier.com/retrieve/pii/S0167945700000130},
	volume = {19},
	year = {2000}
}

@article{Meardon2011,
	author = {Meardon, Stacey A. and Hamill, Joseph and Derrick, Timothy R.},
	doi = {10.1016/j.gaitpost.2010.09.020},
	file = {:C\:/Users/aafox/OneDrive - Deakin University/RESEARCH/Readings & Articles/Fatigue Effect/Gait/(Meardon et al. 2011) Running injury & stride time variability_prolonged run [Gait Posture].pdf:pdf},
	issn = {09666362},
	journal = {Gait & Posture},
	keywords = {DFA,Fatigue,Locomotion,Long-range correlations,Motor control},
	mendeley-groups = {Fatigue Effect/Gait},
	month = {jan},
	number = {1},
	pages = {36--40},
	pmid = {21036046},
	publisher = {Elsevier B.V.},
	title = {{Running injury and stride time variability over a prolonged run}},
	url = {http://dx.doi.org/10.1016/j.gaitpost.2010.09.020 https://linkinghub.elsevier.com/retrieve/pii/S0966636210002717},
	volume = {33},
	year = {2011}
}

@article{Chen2022,
	author = {Chen, Tony Lin-Wei and Wong, Duo Wai-Chi and Wang, Yan and Tan, Qitao and Lam, Wing-Kai and Zhang, Ming},
	doi = {10.1016/j.jshs.2020.09.006},
	file = {:C\:/Users/aafox/OneDrive - Deakin University/RESEARCH/Readings & Articles/Fatigue Effect/Gait/(Chen et al. 2022) Changes_segment coordination variability_impacts_lower limb_half marathons [J Sport Health Sci].pdf:pdf},
	isbn = {2017032700},
	issn = {20952546},
	journal = {Journal of Sport and Health Science},
	keywords = {Coupling angle,Endurance running,Motion capture analysis,Musculoskeletal modeling,Vector coding technique},
	mendeley-groups = {Fatigue Effect/Gait},
	month = {jan},
	number = {1},
	pages = {67--74},
	pmid = {32992036},
	publisher = {Elsevier B.V.},
	title = {{Changes in segment coordination variability and the impacts of the lower limb across running mileages in half marathons: Implications for running injuries}},
	url = {https://doi.org/10.1016/j.jshs.2020.09.006 https://linkinghub.elsevier.com/retrieve/pii/S2095254620301228},
	volume = {11},
	year = {2022}
}

@article{Lakens2018,
	author = {Lakens, Dani{\"{e}}l and Scheel, Anne M. and Isager, Peder M.},
	doi = {10.1177/2515245918770963},
	file = {:C\:/Users/aafox/OneDrive - Deakin University/RESEARCH/Readings & Articles/Statistics/(Lakens et al. 2018) Equivalence testing_psychological research_tutorial [Adv Meth Pract Psychol Sci].pdf:pdf},
	issn = {2515-2459},
	journal = {Advances in Methods and Practices in Psychological Science},
	keywords = {TOST,equivalence testing,falsification,frequentist,null hypothesis,null-hypothesis significance test,open materials,power},
	mendeley-groups = {Statistics},
	month = {jun},
	number = {2},
	pages = {259--269},
	title = {{Equivalence Testing for Psychological Research: A Tutorial}},
	url = {http://journals.sagepub.com/doi/10.1177/2515245918770963},
	volume = {1},
	year = {2018}
}



@Manual{R-base,
  title = {R: A Language and Environment for Statistical Computing},
  author = {{R Core Team}},
  organization = {R Foundation for Statistical Computing},
  address = {Vienna, Austria},
  year = {2021},
  url = {https://www.R-project.org/},
}
@Manual{R-here,
  title = {here: A Simpler Way to Find Your Files},
  author = {Kirill Müller},
  year = {2020},
  note = {R package version 1.0.1},
  url = {https://CRAN.R-project.org/package=here},
}
@Manual{R-papaja,
  title = {{papaja}: {Prepare} reproducible {APA} journal articles with {R Markdown}},
  author = {Frederik Aust and Marius Barth},
  year = {2022},
  note = {R package version 0.1.1},
  url = {https://github.com/crsh/papaja},
}
@Manual{R-tinylabels,
  title = {{tinylabels}: Lightweight Variable Labels},
  author = {Marius Barth},
  year = {2022},
  note = {R package version 0.2.3},
  url = {https://cran.r-project.org/package=tinylabels},
}
